Untuk setiap referensi, baris pertama (Newton1687) merupakan label dan baris-baris berikutnya
merupakan atribut dari referensi yang akan digunakan. Umumnya, format referensi berikut sudah
disediakan oleh penyedia sumber referensi secara online dan bisa langsung digunakan di sini.

Lihat https://www.bibtex.com/g/bibtex-format/ untuk informasi lebih lanjut mengenai format
BibTex yang digunakan pada file ini.

@article{Newton1687,
  author={I. {Newton}},
  journal={Philosophi√¶ Naturalis Principia Mathematica},
  title={Axioms or Laws of Motion},
  year={1687}}

@article{adjei2021securing,
  title={Securing music sharing platforms: A Blockchain-Based Approach},
  author={Adjei-Mensah, Isaac and Agyemang, Isaac Osei and Sey, Collins and Salako, Abdulhaq Adetunji},
  journal={arXiv preprint arXiv:2110.05949},
  year={2021}
}


@mastersthesis{DitoPrabowo2020,
  author  = {Dito Prabowo},
  school  = {Institut Teknologi Sepuluh Nopember},
  title   = {Pengembangan Sistem Keamanan Berbagi Data PACS Berbasis Blockchain},
  year    = {2020},
  type    = {{Bachelor} thesis},
}

@misc{SpaceXBlueprint,
  title={Space X Blueprint},
  year=2021,
  url={https://id.pinterest.com/pin/344032859037191430/},
  urldate={2021-01-26}
}

@misc{StattEpicAnnounce,
  year=2020,
  title={Epic Games announces Unreal Engine 5 with stunning PlayStation 5 demo},
  url={https://www.theverge.com/2020/5/13/21256079/epic-unreal-engine-5-playstation-5-demo-next-gen-graphics-release-date},
  urldate={2020-05-13},
  author={Nick Statt}
}

@misc{DeanTakahashi,
  year=2020,
  title={Epic Games: Unreal Engine 5 will bring a generational change to graphics},
  url={https://venturebeat.com/business/how-epic-games-is-tailoring-unreal-engine-5-to-make-next-gen-graphics-shine/},
  urldate={2020-05-13},
  author={Takahashi, Dean}
}

@misc{EddieMakuch,
  year=2021,
  title={Unreal Engine 5 Gets Stunning Demo With Incredible Graphics, Enters Early Access},
  url={https://www.gamespot.com/articles/unreal-engine-5-gets-stunning-demo-with-incredible-graphics-enters-early-access/1100-6491998/},
  urldate={2021-05-26},
  author={Eddie Makuch}
}

@misc{UE5Launch,
  year=2022,
  title={Epic launches Unreal Engine 5},
  url={https://www.gamesindustry.biz/epic-launches-unreal-engine-5},
  urldate={2022-04-06},
  author={Brendan Sinclair}
}

@misc{ValentineRebekah,
  year=2020,
  title={Epic Games announces Unreal Engine 5 with first PS5 footage},
  url={https://www.gamesindustry.biz/epic-games-announces-unreal-engine-5-with-first-ps5-footage},
  urldate={2020-05-13},
  author={Rebekah Valentine},
}

@misc{AndrewTarantola,
  year=2020,
  title={Epic Games teases its new, nearly-photorealistic Unreal Engine 5},
  url={https://www.engadget.com/epic-games-unreal-engine-5-demo-150044561.html},
  urldate={2020-05-13},
  author={Andrew Tarantola},
}

@misc{KyleOrland,
  year=2020,
  title={How Epic got such amazing Unreal Engine 5 results on next-gen consoles},
  url={https://arstechnica.com/gaming/2020/05/behind-the-scenes-of-that-incredible-unreal-engine-5-tech-demo/},
  urldate={2020-05-15},
  author={Kyle Orland},
}

@misc{VirtualShadowMaps,
  year=2022,
  title={Virtual Shadow Maps},
  url={https://docs.unrealengine.com/5.0/en-US/virtual-shadow-maps-in-unreal-engine/},
  urldate={2022-02-07},
}

@misc{RouslanDimitrov,
  author       = {Rouslan Dimitrov},
  title        = {Cascaded Shadow Maps},
  year         = {2007},
  url          = {https://developer.download.nvidia.com/SDK/10.5/opengl/src/cascaded_shadow_maps/doc/cascaded_shadow_maps.pdf}
}

@inproceedings{kim2020study,
  title={A study on blockchain-based music distribution framework: focusing on copyright protection},
  author={Kim, Ahyoung and Kim, Mucheol},
  booktitle={2020 International conference on information and communication technology convergence (ICTC)},
  pages={1921--1925},
  year={2020},
  organization={IEEE}
}

@article{naz2019secure,
  title={A secure data sharing platform using blockchain and interplanetary file system},
  author={Naz, Muqaddas and Al-zahrani, Fahad A and Khalid, Rabiya and Javaid, Nadeem and Qamar, Ali Mustafa and Afzal, Muhammad Khalil and Shafiq, Muhammad},
  journal={Sustainability},
  volume={11},
  number={24},
  pages={7054},
  year={2019},
  publisher={MDPI}
}


